@Article{Aad2015,
author="Aad, G.
and Abbott, B.
and Abdallah, J.
and Abdinov, O.
and Aben, R.
and Abolins, M.
and AbouZeid, O. S.
and Abramowicz, H.
and Abreu, H.
and Abreu, R.
and Abulaiti, Y.
and Acharya, B. S.
and Adamczyk, L.
and Adams, D. L.
and Adelman, J.
and Adomeit, S.
and Adye, T.
and Affolder, A. A.
and Agatonovic-Jovin, T.
and Agricola, J.
and Aguilar-Saavedra, J. A.
and Ahlen, S. P.
and Ahmadov, F.
and Aielli, G.
and Akerstedt, H.
and {\AA}kesson, T. P. A.
and Akimov, A. V.
and Alberghi, G. L.
and Albert, J.
and Albrand, S.
and Alconada Verzini, M. J.
and Aleksa, M.
and Aleksandrov, I. N.
and Alexa, C.
and Alexander, G.
and Alexopoulos, T.
and Alhroob, M.
and Alimonti, G.
and Alio, L.
and Alison, J.
and Alkire, S. P.
and Allbrooke, B. M. M.
and Allport, P. P.
and Aloisio, A.
and Alonso, A.
and Alonso, F.
and Alpigiani, C.
and Altheimer, A.
and Alvarez Gonzalez, B.
and {\'A}lvarez Piqueras, D.
and Alviggi, M. G.
and Amadio, B. T.
and Amako, K.
and Amaral Coutinho, Y.
and Amelung, C.
and Amidei, D.
and Amor Dos Santos, S. P.
and Amorim, A.
and Amoroso, S.
and Amram, N.
and Amundsen, G.
and Anastopoulos, C.
and Ancu, L. S.
and Andari, N.
and Andeen, T.
and Anders, C. F.
and Anders, G.
and Anders, J. K.
and Anderson, K. J.
and Andreazza, A.
and Andrei, V.
and Angelidakis, S.
and Angelozzi, I.
and Anger, P.
and Angerami, A.
and Anghinolfi, F.
and Anisenkov, A. V.
and Anjos, N.
and Annovi, A.
and Antonelli, M.
and Antonov, A.
and Antos, J.
and Anulli, F.
and Aoki, M.
and Aperio Bella, L.
and Arabidze, G.
and Arai, Y.
and Araque, J. P.
and Arce, A. T. H.
and Arduh, F. A.
and Arguin, J-F.
and Argyropoulos, S.
and Arik, M.
and Armbruster, A. J.
and Arnaez, O.
and Arnal, V.
and Arnold, H.
and Arratia, M.
and Arslan, O.
and Artamonov, A.
and Artoni, G.
and Asai, S.
and Asbah, N.
and Ashkenazi, A.
and {\AA}sman, B.
and Asquith, L.
and Assamagan, K.
and Astalos, R.
and Atkinson, M.
and Atlay, N. B.
and Augsten, K.
and Aurousseau, M.
and Avolio, G.
and Axen, B.
and Ayoub, M. K.
and Azuelos, G.
and Baak, M. A.
and Baas, A. E.
and Baca, M. J.
and Bacci, C.
and Bachacou, H.
and Bachas, K.
and Backes, M.
and Backhaus, M.
and Bagiacchi, P.
and Bagnaia, P.
and Bai, Y.
and Bain, T.
and Baines, J. T.
and Baker, O. K.
and Baldin, E. M.
and Balek, P.
and Balestri, T.
and Balli, F.
and Balunas, W. K.
and Banas, E.
and Banerjee, Sw.
and Bannoura, A. A. E.
and Bansil, H. S.
and Barak, L.
and Barberio, E. L.
and Barberis, D.
and Barbero, M.
and Barillari, T.
and Barisonzi, M.
and Barklow, T.
and Barlow, N.
and Barnes, S. L.
and Barnett, B. M.
and Barnett, R. M.
and Barnovska, Z.
and Baroncelli, A.
and Barone, G.
and Barr, A. J.
and Barreiro, F.
and Barreiro Guimar{\~a}es da Costa, J.
and Bartoldus, R.
and Barton, A. E.
and Bartos, P.
and Basalaev, A.
and Bassalat, A.
and Basye, A.
and Bates, R. L.
and Batista, S. J.
and Batley, J. R.
and Battaglia, M.
and Bauce, M.
and Bauer, F.
and Bawa, H. S.
and Beacham, J. B.
and Beattie, M. D.
and Beau, T.
and Beauchemin, P. H.
and Beccherle, R.
and Bechtle, P.
and Beck, H. P.
and Becker, K.
and Becker, M.
and Beckingham, M.
and Becot, C.
and Beddall, A. J.
and Beddall, A.
and Bednyakov, V. A.
and Bee, C. P.
and Beemster, L. J.
and Beermann, T. A.
and Begel, M.
and Behr, J. K.
and Belanger-Champagne, C.
and Bell, W. H.
and Bella, G.
and Bellagamba, L.
and Bellerive, A.
and Bellomo, M.
and Belotskiy, K.
and Beltramello, O.
and Benary, O.
and Benchekroun, D.
and Bender, M.
and Bendtz, K.
and Benekos, N.
and Benhammou, Y.
and Benhar Noccioli, E.
and Benitez Garcia, J. A.
and Benjamin, D. P.
and Bensinger, J. R.
and Bentvelsen, S.
and Beresford, L.
and Beretta, M.
and Berge, D.
and Bergeaas Kuutmann, E.
and Berger, N.
and Berghaus, F.
and Beringer, J.
and Bernard, C.
and Bernard, N. R.
and Bernius, C.
and Bernlochner, F. U.
and Berry, T.
and Berta, P.
and Bertella, C.
and Bertoli, G.
and Bertolucci, F.
and Bertsche, C.
and Bertsche, D.
and Besana, M. I.
and Besjes, G. J.
and Bessidskaia Bylund, O.
and Bessner, M.
and Besson, N.
and Betancourt, C.
and Bethke, S.
and Bevan, A. J.
and Bhimji, W.
and Bianchi, R. M.
and Bianchini, L.
and Bianco, M.
and Biebel, O.
and Biedermann, D.
and Bieniek, S. P.
and Biglietti, M.
and Bilbao De Mendizabal, J.
and Bilokon, H.
and Bindi, M.
and Binet, S.
and Bingul, A.
and Bini, C.
and Biondi, S.
and Bjergaard, D. M.
and Black, C. W.
and Black, J. E.
and Black, K. M.
and Blackburn, D.
and Blair, R. E.
and Blanchard, J.-B.
and Blanco, J. E.
and Blazek, T.
and Bloch, I.
and Blocker, C.
and Blum, W.
and Blumenschein, U.
and Bobbink, G. J.
and Bobrovnikov, V. S.
and Bocchetta, S. S.
and Bocci, A.
and Bock, C.
and Boehler, M.
and Bogaerts, J. A.
and Bogavac, D.
and Bogdanchikov, A. G.
and Bohm, C.
and Boisvert, V.
and Bold, T.
and Boldea, V.
and Boldyrev, A. S.
and Bomben, M.
and Bona, M.
and Boonekamp, M.
and Borisov, A.
and Borissov, G.
and Borroni, S.
and Bortfeldt, J.
and Bortolotto, V.
and Bos, K.
and Boscherini, D.
and Bosman, M.
and Boudreau, J.
and Bouffard, J.
and Bouhova-Thacker, E. V.
and Boumediene, D.
and Bourdarios, C.
and Bousson, N.
and Boutle, S. K.
and Boveia, A.
and Boyd, J.
and Boyko, I. R.
and Bozic, I.
and Bracinik, J.
and Brandt, A.
and Brandt, G.
and {etal}",
title="Constraints on new phenomena via Higgs boson couplings and invisible decays with the ATLAS detector",
journal="Journal of High Energy Physics",
year="2015",
volume="2015",
number="11",
pages="1--52",
abstract="The ATLAS experiment at the LHC has measured the Higgs boson couplings and mass, and searched for invisible Higgs boson decays, using multiple production and decay channels with up to 4.7 fb−1 of pp collision data at                                                                                                                                             s                                            =                      7                                                        {\$}{\$} {\backslash}sqrt{\{}s{\}}=7 {\$}{\$}                 TeV and 20.3 fb−1 at                                                                                                                                             s                                            =                      8                                                        {\$}{\$} {\backslash}sqrt{\{}s{\}}=8 {\$}{\$}                 TeV. In the current study, the measured production and decay rates of the observed Higgs boson in the $\gamma$$\gamma$, ZZ, W W , Z$\gamma$, bb, $\tau$ $\tau$ , and $\mu$$\mu$ decay channels, along with results from the associated production of a Higgs boson with a top-quark pair, are used to probe the scaling of the couplings with mass. Limits are set on parameters in extensions of the Standard Model including a composite Higgs boson, an additional electroweak singlet, and two-Higgs-doublet models. Together with the measured mass of the scalar Higgs boson in the $\gamma$$\gamma$ and ZZ decay modes, a lower limit is set on the pseudoscalar Higgs boson mass of m                                                  A                                         > 370 GeV in the ``hMSSM'' simplified Minimal Supersymmetric Standard Model. Results from direct searches for heavy Higgs bosons are also interpreted in the hMSSM. Direct searches for invisible Higgs boson decays in the vector-boson fusion and associated production of a Higgs boson with W/Z (Z {\textrightarrow} ℓℓ, W/Z {\textrightarrow} jj) modes are statistically combined to set an upper limit on the Higgs boson invisible branching ratio of 0.25. The use of the measured visible decay rates in a more general coupling fit improves the upper limit to 0.23, constraining a Higgs portal model of dark matter.                                                                                                    ",
issn="1029-8479",
doi="10.1007/JHEP11(2015)206",
url="http://dx.doi.org/10.1007/JHEP11(2015)206"
}


@techreport{CMS-PAS-HIG-16-007,
      title         = "{Summary results of high mass BSM Higgs searches using CMS
                       run-I data}",
      institution   = "CERN",
      collaboration = "CMS Collaboration",
      address       = "Geneva",
      number        = "CMS-PAS-HIG-16-007",
      year          = "2016",
      reportNumber  = "CMS-PAS-HIG-16-007",
      url           = "http://cds.cern.ch/record/2142432",
}

@article{Hmumu_ref_CMS,
title = "Search for neutral \{MSSM\} Higgs bosons decaying to μ+μ− in pp collisions at ",
journal = "Physics Letters B ",
volume = "752",
number = "",
pages = "221 - 246",
year = "2016",
note = "",
issn = "0370-2693",
doi = "http://dx.doi.org/10.1016/j.physletb.2015.11.042",
url = "http://www.sciencedirect.com/science/article/pii/S0370269315008989",
author = "V. Khachatryan and A.M. Sirunyan and A. Tumasyan and W. Adam and E. Asilar and T. Bergauer and J. Brandstetter and E. Brondolin and M. Dragicevic and J. Erö and M. Flechl and M. Friedl and R. Frühwirth and V.M. Ghete and C. Hartl and N. Hörmann and J. Hrubec and M. Jeitler and V. Knünz and A. König and M. Krammer and I. Krätschmer and D. Liko and T. Matsushita and I. Mikulec and D. Rabady and B. Rahbaran and H. Rohringer and J. Schieck and R. Schöfbeck and J. Strauss and W. Treberer-Treberspurg and W. Waltenberger and C.-E. Wulz and V. Mossolov and N. Shumeiko and J. Suarez Gonzalez and S. Alderweireldt and T. Cornelis and E.A. De Wolf and X. Janssen and A. Knutsson and J. Lauwers and S. Luyckx and S. Ochesanu and R. Rougny and M. Van De Klundert and H. Van Haevermaet and P. Van Mechelen and N. Van Remortel and A. Van Spilbeeck and S. Abu Zeid and F. Blekman and J. D'Hondt and N. Daci and I. De Bruyn and K. Deroover and N. Heracleous and J. Keaveney and S. Lowette and L. Moreels and A. Olbrechts and Q. Python and D. Strom and S. Tavernier and W. Van Doninck and P. Van Mulders and G.P. Van Onsem and I. Van Parijs and P. Barria and C. Caillol and B. Clerbaux and G. De Lentdecker and H. Delannoy and D. Dobur and G. Fasanella and L. Favart and A.P.R. Gay and A. Grebenyuk and T. Lenzi and A. Léonard and T. Maerschalk and A. Mohammadi and L. Perniè and A. Randle-conde and T. Reis and T. Seva and L. Thomas and C. Vander Velde and P. Vanlaer and J. Wang and F. Zenoni and F. Zhang and K. Beernaert and L. Benucci and A. Cimmino and S. Crucy and A. Fagot and G. Garcia and M. Gul and J. Mccartin and A.A. Ocampo Rios and D. Poyraz and D. Ryckbosch and S. Salva and M. Sigamani and N. Strobbe and M. Tytgat and W. Van Driessche and E. Yazgan and N. Zaganidis and S. Basegmez and C. Beluffi and O. Bondu and G. Bruno and R. Castello and A. Caudron and L. Ceard and G.G. Da Silveira and C. Delaere and D. Favart and L. Forthomme and A. Giammanco and J. Hollar and A. Jafari and P. Jez and M. Komm and V. Lemaitre and A. Mertens and C. Nuttens and L. Perrini and A. Pin and K. Piotrzkowski and A. Popov and L. Quertenmont and M. Selvaggi and M. Vidal Marono and N. Beliy and T. Caebergs and G.H. Hammad and W.L. Aldá Júnior and G.A. Alves and L. Brito and M. Correa Martins Junior and T. Dos Reis Martins and C. Hensel and C. Mora Herrera and A. Moraes and M.E. Pol and P. Rebello Teles and E. Belchior Batista Das Chagas and W. Carvalho and J. Chinellato and A. Custódio and E.M. Da Costa and D. De Jesus Damiao and C. De Oliveira Martins and S. Fonseca De Souza and L.M. Huertas Guativa and H. Malbouisson and D. Matos Figueiredo and L. Mundim and H. Nogima and W.L. Prado Da Silva and A. Santoro and A. Sznajder and E.J. Tonelli Manganote and A. Vilela Pereira and S. Ahuja and C.A. Bernardes and A. De Souza Santos and S. Dogra and T.R. Fernandez Perez Tomei and E.M. Gregores and P.G. Mercadante and C.S. Moon and S.F. Novaes and Sandra S. Padula and D. Romero Abad and J.C. Ruiz Vargas and A. Aleksandrov and V. Genchev and R. Hadjiiska and P. Iaydjiev and A. Marinov and S. Piperov and M. Rodozov and S. Stoykova and G. Sultanov and M. Vutova and A. Dimitrov and I. Glushkov and L. Litov and B. Pavlov and P. Petkov and M. Ahmad and J.G. Bian and G.M. Chen and H.S. Chen and M. Chen and T. Cheng and R. Du and C.H. Jiang and R. Plestina and F. Romeo and S.M. Shaheen and J. Tao and C. Wang and Z. Wang and H. Zhang and C. Asawatangtrakuldee and Y. Ban and Q. Li and S. Liu and Y. Mao and S.J. Qian and D. Wang and Z. Xu and W. Zou and C. Avila and A. Cabrera and L.F. Chaparro Sierra and C. Florez and J.P. Gomez and B. Gomez Moreno and J.C. Sanabria and N. Godinovic and D. Lelas and D. Polic and I. Puljak and Z. Antunovic and M. Kovac and V. Brigljevic and K. Kadija and J. Luetic and L. Sudic and A. Attikis and G. Mavromanolakis and J. Mousa and C. Nicolaou and F. Ptochos and P.A. Razis and H. Rykaczewski and M. Bodlak and M. Finger and M. Finger Jr. and R. Aly and S. Aly and E. El-khateeb and T. Elkafrawy and A. Lotfy and A. Mohamed and A. Radi and E. Salama and A. Sayed and B. Calpas and M. Kadastik and M. Murumaa and M. Raidal and A. Tiko and C. Veelken and P. Eerola and M. Voutilainen and J. Härkönen and V. Karimäki and R. Kinnunen and T. Lampén and K. Lassila-Perini and S. Lehti and T. Lindén and P. Luukka and T. Mäenpää and J. Pekkanen and T. Peltola and E. Tuominen and J. Tuominiemi and E. Tuovinen and L. Wendland and J. Talvitie and T. Tuuva and M. Besancon and F. Couderc and M. Dejardin and D. Denegri and B. Fabbro and J.L. Faure and C. Favaro and F. Ferri and S. Ganjour and A. Givernaud and P. Gras and G. Hamel de Monchenault and P. Jarry and E. Locci and M. Machet and J. Malcles and J. Rander and A. Rosowsky and M. Titov and A. Zghiche and S. Baffioni and F. Beaudette and P. Busson and L. Cadamuro and E. Chapon and C. Charlot and T. Dahms and O. Davignon and N. Filipovic and A. Florent and R. Granier de Cassagnac and S. Lisniak and L. Mastrolorenzo and P. Miné and I.N. Naranjo and M. Nguyen and C. Ochando and G. Ortona and P. Paganini and S. Regnard and R. Salerno and J.B. Sauvan and Y. Sirois and T. Strebler and Y. Yilmaz and A. Zabi and J.-L. Agram and J. Andrea and A. Aubin and D. Bloch and J.-M. Brom and M. Buttignol and E.C. Chabert and N. Chanon and C. Collard and E. Conte and J.-C. Fontaine and D. Gelé and U. Goerlach and C. Goetzmann and A.-C. Le Bihan and J.A. Merlin and K. Skovpen and P. Van Hove and S. Gadrat and S. Beauceron and C. Bernet and G. Boudoul and E. Bouvier and S. Brochet and C.A. Carrillo Montoya and J. Chasserat and R. Chierici and D. Contardo and B. Courbon and P. Depasse and H. El Mamouni and J. Fan and J. Fay and S. Gascon and M. Gouzevitch and B. Ille and I.B. Laktineh and M. Lethuillier and L. Mirabito and A.L. Pequegnot and S. Perries and J.D. Ruiz Alvarez and D. Sabes and L. Sgandurra and V. Sordini and M. Vander Donckt and P. Verdier and S. Viret and H. Xiao and T. Toriashvili and Z. Tsamalaidze and C. Autermann and S. Beranek and M. Edelhoff and L. Feld and A. Heister and M.K. Kiesel and K. Klein and M. Lipinski and A. Ostapchuk and M. Preuten and F. Raupach and J. Sammet and S. Schael and J.F. Schulte and T. Verlage and H. Weber and B. Wittmer and V. Zhukov and M. Ata and M. Brodski and E. Dietz-Laursonn and D. Duchardt and M. Endres and M. Erdmann and S. Erdweg and T. Esch and R. Fischer and A. Güth and T. Hebbeker and C. Heidemann and K. Hoepfner and D. Klingebiel and S. Knutzen and P. Kreuzer and M. Merschmeyer and A. Meyer and P. Millet and M. Olschewski and K. Padeken and P. Papacz and T. Pook and M. Radziej and H. Reithler and M. Rieger and F. Scheuch and L. Sonnenschein and D. Teyssier and S. Thüer and V. Cherepanov and Y. Erdogan and G. Flügge and H. Geenen and M. Geisler and W. Haj Ahmad and F. Hoehle and B. Kargoll and T. Kress and Y. Kuessel and A. Künsken and J. Lingemann and A. Nehrkorn and A. Nowack and I.M. Nugent and C. Pistone and O. Pooth and A. Stahl and M. Aldaya Martin and I. Asin and N. Bartosik and O. Behnke and U. Behrens and A.J. Bell and K. Borras and A. Burgmeier and A. Cakir and L. Calligaris and A. Campbell and S. Choudhury and F. Costanza and C. Diez Pardos and G. Dolinska and S. Dooling and T. Dorland and G. Eckerlin and D. Eckstein and T. Eichhorn and G. Flucke and E. Gallo and J. Garay Garcia and A. Geiser and A. Gizhko and P. Gunnellini and J. Hauk and M. Hempel and H. Jung and A. Kalogeropoulos and O. Karacheban and M. Kasemann and P. Katsas and J. Kieseler and C. Kleinwort and I. Korol and W. Lange and J. Leonard and K. Lipka and A. Lobanov and W. Lohmann and R. Mankel and I. Marfin and I.-A. Melzer-Pellmann and A.B. Meyer and G. Mittag and J. Mnich and A. Mussgiller and S. Naumann-Emme and A. Nayak and E. Ntomari and H. Perrey and D. Pitzl and R. Placakyte and A. Raspereza and P.M. Ribeiro Cipriano and B. Roland and M.Ö. Sahin and J. Salfeld-Nebgen and P. Saxena and T. Schoerner-Sadenius and M. Schröder and C. Seitz and S. Spannagel and K.D. Trippkewitz and C. Wissing and V. Blobel and M. Centis Vignali and A.R. Draeger and J. Erfle and E. Garutti and K. Goebel and D. Gonzalez and M. Görner and J. Haller and M. Hoffmann and R.S. Höing and A. Junkes and R. Klanner and R. Kogler and T. Lapsien and T. Lenz and I. Marchesini and D. Marconi and D. Nowatschin and J. Ott and F. Pantaleo and T. Peiffer and A. Perieanu and N. Pietsch and J. Poehlsen and D. Rathjens and C. Sander and H. Schettler and P. Schleper and E. Schlieckau and A. Schmidt and J. Schwandt and M. Seidel and V. Sola and H. Stadie and G. Steinbrück and H. Tholen and D. Troendle and E. Usai and L. Vanelderen and A. Vanhoefer and M. Akbiyik and C. Barth and C. Baus and J. Berger and C. Böser and E. Butz and T. Chwalek and F. Colombo and W. De Boer and A. Descroix and A. Dierlamm and M. Feindt and F. Frensch and M. Giffels and A. Gilbert and F. Hartmann and U. Husemann and F. Kassel and I. Katkov and A. Kornmayer and P. Lobelle Pardo and M.U. Mozer and T. Müller and Th. Müller and M. Plagge and G. Quast and K. Rabbertz and S. Röcker and F. Roscher and H.J. Simonis and F.M. Stober and R. Ulrich and J. Wagner-Kuhr and S. Wayand and T. Weiler and C. Wöhrmann and R. Wolf and G. Anagnostou and G. Daskalakis and T. Geralis and V.A. Giakoumopoulou and A. Kyriakis and D. Loukas and A. Markou and A. Psallidas and I. Topsis-Giotis and A. Agapitos and S. Kesisoglou and A. Panagiotou and N. Saoulidou and E. Tziaferi and I. Evangelou and G. Flouris and C. Foudas and P. Kokkas and N. Loukas and N. Manthos and I. Papadopoulos and E. Paradas and J. Strologas and G. Bencze and C. Hajdu and A. Hazi and P. Hidas and D. Horvath and F. Sikler and V. Veszpremi and G. Vesztergombi and A.J. Zsigmond and N. Beni and S. Czellar and J. Karancsi and J. Molnar and Z. Szillasi and M. Bartók and A. Makovec and P. Raics and Z.L. Trocsanyi and B. Ujvari and P. Mal and K. Mandal and N. Sahoo and S.K. Swain and S. Bansal and S.B. Beri and V. Bhatnagar and R. Chawla and R. Gupta and U. Bhawandeep and A.K. Kalsi and A. Kaur and M. Kaur and R. Kumar and A. Mehta and M. Mittal and N. Nishu and J.B. Singh and G. Walia and Ashok Kumar and Arun Kumar and A. Bhardwaj and B.C. Choudhary and R.B. Garg and A. Kumar and S. Malhotra and M. Naimuddin and K. Ranjan and R. Sharma and V. Sharma and S. Banerjee and S. Bhattacharya and K. Chatterjee and S. Dey and S. Dutta and Sa. Jain and Sh. Jain and R. Khurana and N. Majumdar and A. Modak and K. Mondal and S. Mukherjee and S. Mukhopadhyay and A. Roy and D. Roy and S. Roy Chowdhury and S. Sarkar and M. Sharan and A. Abdulsalam and R. Chudasama and D. Dutta and V. Jha and V. Kumar and A.K. Mohanty and L.M. Pant and P. Shukla and A. Topkar and T. Aziz and S. Banerjee and S. Bhowmik and R.M. Chatterjee and R.K. Dewanjee and S. Dugad and S. Ganguly and S. Ghosh and M. Guchait and A. Gurtu and G. Kole and S. Kumar and B. Mahakud and M. Maity and G. Majumder and K. Mazumdar and S. Mitra and G.B. Mohanty and B. Parida and T. Sarkar and K. Sudhakar and N. Sur and B. Sutar and N. Wickramage and S. Sharma and H. Bakhshiansohi and H. Behnamian and S.M. Etesami and A. Fahim and R. Goldouzian and M. Khakzad and M. Mohammadi Najafabadi and M. Naseri and S. Paktinat Mehdiabadi and F. Rezaei Hosseinabadi and B. Safarzadeh and M. Zeinali and M. Felcini and M. Grunewald and M. Abbrescia and C. Calabria and C. Caputo and S.S. Chhibra and A. Colaleo and D. Creanza and L. Cristella and N. De Filippis and M. De Palma and L. Fiore and G. Iaselli and G. Maggi and M. Maggi and G. Miniello and S. My and S. Nuzzo and A. Pompili and G. Pugliese and R. Radogna and A. Ranieri and G. Selvaggi and A. Sharma and L. Silvestris and R. Venditti and P. Verwilligen and G. Abbiendi and C. Battilana and A.C. Benvenuti and D. Bonacorsi and S. Braibant-Giacomelli and L. Brigliadori and R. Campanini and P. Capiluppi and A. Castro and F.R. Cavallo and G. Codispoti and M. Cuffiani and G.M. Dallavalle and F. Fabbri and A. Fanfani and D. Fasanella and P. Giacomelli and C. Grandi and L. Guiducci and S. Marcellini and G. Masetti and A. Montanari and F.L. Navarria and A. Perrotta and A.M. Rossi and T. Rovelli and G.P. Siroli and N. Tosi and R. Travaglini and G. Cappello and M. Chiorboli and S. Costa and F. Giordano and R. Potenza and A. Tricomi and C. Tuve and G. Barbagli and V. Ciulli and C. Civinini and R. D'Alessandro and E. Focardi and S. Gonzi and V. Gori and P. Lenzi and M. Meschini and S. Paoletti and G. Sguazzoni and A. Tropiano and L. Viliani and L. Benussi and S. Bianco and F. Fabbri and D. Piccolo and V. Calvelli and F. Ferro and M. Lo Vetere and E. Robutti and S. Tosi and M.E. Dinardo and S. Fiorendi and S. Gennai and R. Gerosa and A. Ghezzi and P. Govoni and S. Malvezzi and R.A. Manzoni and B. Marzocchi and D. Menasce and L. Moroni and M. Paganoni and D. Pedrini and S. Ragazzi and N. Redaelli and T. Tabarelli de Fatis and S. Buontempo and N. Cavallo and S. Di Guida and M. Esposito and F. Fabozzi and A.O.M. Iorio and G. Lanza and L. Lista and S. Meola and M. Merola and P. Paolucci and C. Sciacca and F. Thyssen and P. Azzi and N. Bacchetta and D. Bisello and A. Branca and R. Carlin and A. Carvalho Antunes De Oliveira and P. Checchia and M. Dall'Osso and T. Dorigo and F. Gasparini and U. Gasparini and A. Gozzelino and K. Kanishchev and S. Lacaprara and M. Margoni and A.T. Meneguzzo and F. Montecassiano and M. Passaseo and J. Pazzini and N. Pozzobon and P. Ronchese and F. Simonetto and E. Torassa and M. Tosi and M. Zanetti and P. Zotto and A. Zucchetta and A. Braghieri and M. Gabusi and A. Magnani and S.P. Ratti and V. Re and C. Riccardi and P. Salvini and I. Vai and P. Vitulo and L. Alunni Solestizi and M. Biasini and G.M. Bilei and D. Ciangottini and L. Fanò and P. Lariccia and G. Mantovani and M. Menichelli and A. Saha and A. Santocchia and A. Spiezia and K. Androsov and P. Azzurri and G. Bagliesi and J. Bernardini and T. Boccali and G. Broccolo and R. Castaldi and M.A. Ciocci and R. Dell'Orso and S. Donato and G. Fedi and L. Foà and A. Giassi and M.T. Grippo and F. Ligabue and T. Lomtadze and L. Martini and A. Messineo and F. Palla and A. Rizzi and A. Savoy-Navarro and A.T. Serban and P. Spagnolo and P. Squillacioti and R. Tenchini and G. Tonelli and A. Venturi and P.G. Verdini and L. Barone and F. Cavallari and G. D'imperio and D. Del Re and M. Diemoz and S. Gelli and C. Jorda and E. Longo and F. Margaroli and P. Meridiani and F. Micheli and G. Organtini and R. Paramatti and F. Preiato and S. Rahatlou and C. Rovelli and F. Santanastasio and L. Soffi and P. Traczyk and N. Amapane and R. Arcidiacono and S. Argiro and M. Arneodo and R. Bellan and C. Biino and N. Cartiglia and M. Costa and R. Covarelli and A. Degano and N. Demaria and L. Finco and C. Mariotti and S. Maselli and E. Migliore and V. Monaco and E. Monteil and M. Musich and M.M. Obertino and L. Pacher and N. Pastrone and M. Pelliccioni and G.L. Pinna Angioni and F. Ravera and A. Romero and M. Ruspa and R. Sacchi and A. Solano and A. Staiano and U. Tamponi and P.P. Trapani and S. Belforte and V. Candelise and M. Casarsa and F. Cossutti and G. Della Ricca and B. Gobbo and C. La Licata and M. Marone and A. Schizzi and T. Umer and A. Zanetti and S. Chang and A. Kropivnitskaya and S.K. Nam and D.H. Kim and G.N. Kim and M.S. Kim and D.J. Kong and S. Lee and Y.D. Oh and A. Sakharov and D.C. Son and H. Kim and T.J. Kim and M.S. Ryu and S. Song and S. Choi and Y. Go and D. Gyun and B. Hong and M. Jo and H. Kim and Y. Kim and B. Lee and K. Lee and K.S. Lee and S. Lee and S.K. Park and Y. Roh and H.D. Yoo and M. Choi and J.H. Kim and J.S.H. Lee and I.C. Park and G. Ryu and Y. Choi and Y.K. Choi and J. Goh and D. Kim and E. Kwon and J. Lee and I. Yu and A. Juodagalvis and J. Vaitkus and Z.A. Ibrahim and J.R. Komaragiri and M.A.B. Md Ali and F. Mohamad Idris and W.A.T. Wan Abdullah and E. Casimiro Linares and H. Castilla-Valdez and E. De La Cruz-Burelo and I. Heredia-de La Cruz and A. Hernandez-Almada and R. Lopez-Fernandez and G. Ramirez Sanchez and A. Sanchez-Hernandez and S. Carrillo Moreno and F. Vazquez Valencia and S. Carpinteyro and I. Pedraza and H.A. Salazar Ibarguen and A. Morelos Pineda and D. Krofcheck and P.H. Butler and S. Reucroft and A. Ahmad and M. Ahmad and Q. Hassan and H.R. Hoorani and W.A. Khan and T. Khurshid and M. Shoaib and H. Bialkowska and M. Bluj and B. Boimska and T. Frueboes and M. Górski and M. Kazana and K. Nawrocki and K. Romanowska-Rybinska and M. Szleper and P. Zalewski and G. Brona and K. Bunkowski and K. Doroba and A. Kalinowski and M. Konecki and J. Krolikowski and M. Misiura and M. Olszewski and M. Walczak and P. Bargassa and C. Beirão Da Cruz E Silva and A. Di Francesco and P. Faccioli and P.G. Ferreira Parracho and M. Gallinaro and L. Lloret Iglesias and F. Nguyen and J. Rodrigues Antunes and J. Seixas and O. Toldaiev and D. Vadruccio and J. Varela and P. Vischia and S. Afanasiev and P. Bunin and M. Gavrilenko and I. Golutvin and I. Gorbunov and A. Kamenev and V. Karjavin and V. Konoplyanikov and A. Lanev and A. Malakhov and V. Matveev and P. Moisenz and V. Palichik and V. Perelygin and S. Shmatov and S. Shulha and N. Skatchkov and V. Smirnov and A. Zarubin and V. Golovtsov and Y. Ivanov and V. Kim and E. Kuznetsova and P. Levchenko and V. Murzin and V. Oreshkin and I. Smirnov and V. Sulimov and L. Uvarov and S. Vavilov and A. Vorobyev and Yu. Andreev and A. Dermenev and S. Gninenko and N. Golubev and A. Karneyeu and M. Kirsanov and N. Krasnikov and A. Pashenkov and D. Tlisov and A. Toropin and V. Epshteyn and V. Gavrilov and N. Lychkovskaya and V. Popov and I. Pozdnyakov and G. Safronov and A. Spiridonov and E. Vlasov and A. Zhokin and A. Bylinkin and V. Andreev and M. Azarkin and I. Dremin and M. Kirakosyan and A. Leonidov and G. Mesyats and S.V. Rusakov and A. Vinogradov and A. Baskakov and A. Belyaev and E. Boos and V. Bunichev and M. Dubinin and L. Dudko and A. Gribushin and V. Klyukhin and O. Kodolova and I. Lokhtin and I. Myagkov and S. Obraztsov and S. Petrushanko and V. Savrin and A. Snigirev and I. Azhgirey and I. Bayshev and S. Bitioukov and V. Kachanov and A. Kalinin and D. Konstantinov and V. Krychkine and V. Petrov and R. Ryutin and A. Sobol and L. Tourtchanovitch and S. Troshin and N. Tyurin and A. Uzunian and A. Volkov and P. Adzic and M. Ekmedzic and J. Milosevic and V. Rekovic and J. Alcaraz Maestre and E. Calvo and M. Cerrada and M. Chamizo Llatas and N. Colino and B. De La Cruz and A. Delgado Peris and D. Domínguez Vázquez and A. Escalante Del Valle and C. Fernandez Bedoya and J.P. Fernández Ramos and J. Flix and M.C. Fouz and P. Garcia-Abia and O. Gonzalez Lopez and S. Goy Lopez and J.M. Hernandez and M.I. Josa and E. Navarro De Martino and A. Pérez-Calero Yzquierdo and J. Puerta Pelayo and A. Quintario Olmeda and I. Redondo and L. Romero and M.S. Soares and C. Albajar and J.F. de Trocóniz and M. Missiroli and D. Moran and H. Brun and J. Cuevas and J. Fernandez Menendez and S. Folgueras and I. Gonzalez Caballero and E. Palencia Cortezon and J.M. Vizan Garcia and J.A. Brochero Cifuentes and I.J. Cabrillo and A. Calderon and J.R. Castiñeiras De Saa and J. Duarte Campderros and M. Fernandez and G. Gomez and A. Graziano and A. Lopez Virto and J. Marco and R. Marco and C. Martinez Rivero and F. Matorras and F.J. Munoz Sanchez and J. Piedra Gomez and T. Rodrigo and A.Y. Rodríguez-Marrero and A. Ruiz-Jimeno and L. Scodellaro and I. Vila and R. Vilar Cortabitarte and D. Abbaneo and E. Auffray and G. Auzinger and M. Bachtis and P. Baillon and A.H. Ball and D. Barney and A. Benaglia and J. Bendavid and L. Benhabib and J.F. Benitez and G.M. Berruti and G. Bianchi and P. Bloch and A. Bocci and A. Bonato and C. Botta and H. Breuker and T. Camporesi and G. Cerminara and S. Colafranceschi and M. D'Alfonso and D. d'Enterria and A. Dabrowski and V. Daponte and A. David and M. De Gruttola and F. De Guio and A. De Roeck and S. De Visscher and E. Di Marco and M. Dobson and M. Dordevic and T. du Pree and N. Dupont and A. Elliott-Peisert and J. Eugster and G. Franzoni and W. Funk and D. Gigi and K. Gill and D. Giordano and M. Girone and F. Glege and R. Guida and S. Gundacker and M. Guthoff and J. Hammer and M. Hansen and P. Harris and J. Hegeman and V. Innocente and P. Janot and H. Kirschenmann and M.J. Kortelainen and K. Kousouris and K. Krajczar and P. Lecoq and C. Lourenço and M.T. Lucchini and N. Magini and L. Malgeri and M. Mannelli and J. Marrouche and A. Martelli and L. Masetti and F. Meijers and S. Mersi and E. Meschi and F. Moortgat and S. Morovic and M. Mulders and M.V. Nemallapudi and H. Neugebauer and S. Orfanelli and L. Orsini and L. Pape and E. Perez and A. Petrilli and G. Petrucciani and A. Pfeiffer and D. Piparo and A. Racz and G. Rolandi and M. Rovere and M. Ruan and H. Sakulin and C. Schäfer and C. Schwick and A. Sharma and P. Silva and M. Simon and P. Sphicas and D. Spiga and J. Steggemann and B. Stieger and M. Stoye and Y. Takahashi and D. Treille and A. Tsirou and G.I. Veres and N. Wardle and H.K. Wöhri and A. Zagozdzinska and W.D. Zeuner and W. Bertl and K. Deiters and W. Erdmann and R. Horisberger and Q. Ingram and H.C. Kaestli and D. Kotlinski and U. Langenegger and T. Rohe and F. Bachmair and L. Bäni and L. Bianchini and M.A. Buchmann and B. Casal and G. Dissertori and M. Dittmar and M. Donegà and M. Dünser and P. Eller and C. Grab and C. Heidegger and D. Hits and J. Hoss and G. Kasieczka and W. Lustermann and B. Mangano and A.C. Marini and M. Marionneau and P. Martinez Ruiz del Arbol and M. Masciovecchio and D. Meister and N. Mohr and P. Musella and F. Nessi-Tedaldi and F. Pandolfi and J. Pata and F. Pauss and L. Perrozzi and M. Peruzzi and M. Quittnat and M. Rossini and A. Starodumov and M. Takahashi and V.R. Tavolaro and K. Theofilatos and R. Wallny and H.A. Weber and T.K. Aarrestad and C. Amsler and M.F. Canelli and V. Chiochia and A. De Cosa and C. Galloni and A. Hinzmann and T. Hreus and B. Kilminster and C. Lange and J. Ngadiuba and D. Pinna and P. Robmann and F.J. Ronga and D. Salerno and S. Taroni and Y. Yang and M. Cardaci and K.H. Chen and T.H. Doan and C. Ferro and M. Konyushikhin and C.M. Kuo and W. Lin and Y.J. Lu and R. Volpe and S.S. Yu and R. Bartek and P. Chang and Y.H. Chang and Y.W. Chang and Y. Chao and K.F. Chen and P.H. Chen and C. Dietz and F. Fiori and U. Grundler and W.-S. Hou and Y. Hsiung and Y.F. Liu and R.-S. Lu and M. Miñano Moya and E. Petrakou and J.F. Tsai and Y.M. Tzeng and B. Asavapibhop and K. Kovitanggoon and G. Singh and N. Srimanobhas and N. Suwonjandee and A. Adiguzel and M.N. Bakirci and C. Dozen and I. Dumanoglu and E. Eskut and S. Girgis and G. Gokbulut and Y. Guler and E. Gurpinar and I. Hos and E.E. Kangal and G. Onengut and K. Ozdemir and A. Polatoz and D. Sunar Cerci and M. Vergili and C. Zorbilmez and I.V. Akin and B. Bilin and S. Bilmis and B. Isildak and G. Karapinar and U.E. Surat and M. Yalvac and M. Zeyrek and E.A. Albayrak and E. Gülmez and M. Kaya and O. Kaya and T. Yetkin and K. Cankocak and Y.O. Günaydin and F.I. Vardarlı and B. Grynyov and L. Levchuk and P. Sorokin and R. Aggleton and F. Ball and L. Beck and J.J. Brooke and E. Clement and D. Cussans and H. Flacher and J. Goldstein and M. Grimes and G.P. Heath and H.F. Heath and J. Jacob and L. Kreczko and C. Lucas and Z. Meng and D.M. Newbold and S. Paramesvaran and A. Poll and T. Sakuma and S. Seif El Nasr-storey and S. Senkin and D. Smith and V.J. Smith and K.W. Bell and A. Belyaev and C. Brew and R.M. Brown and D.J.A. Cockerill and J.A. Coughlan and K. Harder and S. Harper and E. Olaiya and D. Petyt and C.H. Shepherd-Themistocleous and A. Thea and I.R. Tomalin and T. Williams and W.J. Womersley and S.D. Worm and M. Baber and R. Bainbridge and O. Buchmuller and A. Bundock and D. Burton and S. Casasso and M. Citron and D. Colling and L. Corpe and N. Cripps and P. Dauncey and G. Davies and A. De Wit and M. Della Negra and P. Dunne and A. Elwood and W. Ferguson and J. Fulcher and D. Futyan and G. Hall and G. Iles and G. Karapostoli and M. Kenzie and R. Lane and R. Lucas and L. Lyons and A.-M. Magnan and S. Malik and J. Nash and A. Nikitenko and J. Pela and M. Pesaresi and K. Petridis and D.M. Raymond and A. Richards and A. Rose and C. Seez and P. Sharp and A. Tapper and K. Uchida and M. Vazquez Acosta and T. Virdee and S.C. Zenz and J.E. Cole and P.R. Hobson and A. Khan and P. Kyberd and D. Leggat and D. Leslie and I.D. Reid and P. Symonds and L. Teodorescu and M. Turner and A. Borzou and J. Dittmann and K. Hatakeyama and A. Kasmi and H. Liu and N. Pastika and T. Scarborough and O. Charaf and S.I. Cooper and C. Henderson and P. Rumerio and A. Avetisyan and T. Bose and C. Fantasia and D. Gastler and P. Lawson and D. Rankin and C. Richardson and J. Rohlf and J. St. John and L. Sulak and D. Zou and J. Alimena and E. Berry and S. Bhattacharya and D. Cutts and Z. Demiragli and N. Dhingra and A. Ferapontov and A. Garabedian and U. Heintz and E. Laird and G. Landsberg and Z. Mao and M. Narain and S. Sagir and T. Sinthuprasith and R. Breedon and G. Breto and M. Calderon De La Barca Sanchez and S. Chauhan and M. Chertok and J. Conway and R. Conway and P.T. Cox and R. Erbacher and M. Gardner and W. Ko and R. Lander and M. Mulhearn and D. Pellett and J. Pilot and F. Ricci-Tam and S. Shalhout and J. Smith and M. Squires and D. Stolp and M. Tripathi and S. Wilbur and R. Yohay and R. Cousins and P. Everaerts and C. Farrell and J. Hauser and M. Ignatenko and G. Rakness and D. Saltzberg and E. Takasugi and V. Valuev and M. Weber and K. Burt and R. Clare and J. Ellison and J.W. Gary and G. Hanson and J. Heilman and M. Ivova Paneva and P. Jandir and E. Kennedy and F. Lacroix and O.R. Long and A. Luthra and M. Malberti and M. Olmedo Negrete and A. Shrinivas and S. Sumowidagdo and H. Wei and S. Wimpenny and J.G. Branson and G.B. Cerati and S. Cittolin and R.T. D'Agnolo and A. Holzner and R. Kelley and D. Klein and J. Letts and I. Macneill and D. Olivito and S. Padhi and M. Pieri and M. Sani and V. Sharma and S. Simon and M. Tadel and Y. Tu and A. Vartak and S. Wasserbaech and C. Welke and F. Würthwein and A. Yagil and G. Zevi Della Porta and D. Barge and J. Bradmiller-Feld and C. Campagnari and A. Dishaw and V. Dutta and K. Flowers and M. Franco Sevilla and P. Geffert and C. George and F. Golf and L. Gouskos and J. Gran and J. Incandela and C. Justus and N. Mccoll and S.D. Mullin and J. Richman and D. Stuart and W. To and C. West and J. Yoo and D. Anderson and A. Apresyan and A. Bornheim and J. Bunn and Y. Chen and J. Duarte and A. Mott and H.B. Newman and C. Pena and M. Pierini and M. Spiropulu and J.R. Vlimant and S. Xie and R.Y. Zhu and V. Azzolini and A. Calamba and B. Carlson and T. Ferguson and Y. Iiyama and M. Paulini and J. Russ and M. Sun and H. Vogel and I. Vorobiev and J.P. Cumalat and W.T. Ford and A. Gaz and F. Jensen and A. Johnson and M. Krohn and T. Mulholland and U. Nauenberg and J.G. Smith and K. Stenson and S.R. Wagner and J. Alexander and A. Chatterjee and J. Chaves and J. Chu and S. Dittmer and N. Eggert and N. Mirman and G. Nicolas Kaufman and J.R. Patterson and A. Rinkevicius and A. Ryd and L. Skinnari and W. Sun and S.M. Tan and W.D. Teo and J. Thom and J. Thompson and J. Tucker and Y. Weng and P. Wittich and S. Abdullin and M. Albrow and J. Anderson and G. Apollinari and L.A.T. Bauerdick and A. Beretvas and J. Berryhill and P.C. Bhat and G. Bolla and K. Burkett and J.N. Butler and H.W.K. Cheung and F. Chlebana and S. Cihangir and V.D. Elvira and I. Fisk and J. Freeman and E. Gottschalk and L. Gray and D. Green and S. Grünendahl and O. Gutsche and J. Hanlon and D. Hare and R.M. Harris and J. Hirschauer and B. Hooberman and Z. Hu and S. Jindariani and M. Johnson and U. Joshi and A.W. Jung and B. Klima and B. Kreis and S. Kwan and S. Lammel and J. Linacre and D. Lincoln and R. Lipton and T. Liu and R. Lopes De Sá and J. Lykken and K. Maeshima and J.M. Marraffino and V.I. Martinez Outschoorn and S. Maruyama and D. Mason and P. McBride and P. Merkel and K. Mishra and S. Mrenna and S. Nahn and C. Newman-Holmes and V. O'Dell and O. Prokofyev and E. Sexton-Kennedy and A. Soha and W.J. Spalding and L. Spiegel and L. Taylor and S. Tkaczyk and N.V. Tran and L. Uplegger and E.W. Vaandering and C. Vernieri and M. Verzocchi and R. Vidal and A. Whitbeck and F. Yang and H. Yin and D. Acosta and P. Avery and P. Bortignon and D. Bourilkov and A. Carnes and M. Carver and D. Curry and S. Das and G.P. Di Giovanni and R.D. Field and M. Fisher and I.K. Furic and J. Hugon and J. Konigsberg and A. Korytov and T. Kypreos and J.F. Low and P. Ma and K. Matchev and H. Mei and P. Milenovic and G. Mitselmakher and L. Muniz and D. Rank and L. Shchutska and M. Snowball and D. Sperka and S. Wang and J. Yelton and S. Hewamanage and S. Linn and P. Markowitz and G. Martinez and J.L. Rodriguez and A. Ackert and J.R. Adams and T. Adams and A. Askew and J. Bochenek and B. Diamond and J. Haas and S. Hagopian and V. Hagopian and K.F. Johnson and A. Khatiwada and H. Prosper and V. Veeraraghavan and M. Weinberg and V. Bhopatkar and M. Hohlmann and H. Kalakhety and D. Mareskas-palcek and T. Roy and F. Yumiceva and M.R. Adams and L. Apanasevich and D. Berry and R.R. Betts and I. Bucinskaite and R. Cavanaugh and O. Evdokimov and L. Gauthier and C.E. Gerber and D.J. Hofman and P. Kurt and C. O'Brien and I.D. Sandoval Gonzalez and C. Silkworth and P. Turner and N. Varelas and Z. Wu and M. Zakaria and B. Bilki and W. Clarida and K. Dilsiz and S. Durgut and R.P. Gandrajula and M. Haytmyradov and V. Khristenko and J.-P. Merlo and H. Mermerkaya and A. Mestvirishvili and A. Moeller and J. Nachtman and H. Ogul and Y. Onel and F. Ozok and A. Penzo and S. Sen and C. Snyder and P. Tan and E. Tiras and J. Wetzel and K. Yi and I. Anderson and B.A. Barnett and B. Blumenfeld and D. Fehling and L. Feng and A.V. Gritsan and P. Maksimovic and C. Martin and K. Nash and M. Osherson and M. Swartz and M. Xiao and Y. Xin and P. Baringer and A. Bean and G. Benelli and C. Bruner and J. Gray and R.P. Kenny III and D. Majumder and M. Malek and M. Murray and D. Noonan and S. Sanders and R. Stringer and Q. Wang and J.S. Wood and I. Chakaberia and A. Ivanov and K. Kaadze and S. Khalil and M. Makouski and Y. Maravin and L.K. Saini and N. Skhirtladze and I. Svintradze and S. Toda and D. Lange and F. Rebassoo and D. Wright and C. Anelli and A. Baden and O. Baron and A. Belloni and B. Calvert and S.C. Eno and C. Ferraioli and J.A. Gomez and N.J. Hadley and S. Jabeen and R.G. Kellogg and T. Kolberg and J. Kunkle and Y. Lu and A.C. Mignerey and K. Pedro and Y.H. Shin and A. Skuja and M.B. Tonjes and S.C. Tonwar and A. Apyan and R. Barbieri and A. Baty and K. Bierwagen and S. Brandt and W. Busza and I.A. Cali and L. Di Matteo and G. Gomez Ceballos and M. Goncharov and D. Gulhan and G.M. Innocenti and M. Klute and D. Kovalskyi and Y.S. Lai and Y.-J. Lee and A. Levin and P.D. Luckey and C. Mcginn and X. Niu and C. Paus and D. Ralph and C. Roland and G. Roland and G.S.F. Stephans and K. Sumorok and M. Varma and D. Velicanu and J. Veverka and J. Wang and T.W. Wang and B. Wyslouch and M. Yang and V. Zhukova and B. Dahmes and A. Finkel and A. Gude and P. Hansen and S. Kalafut and S.C. Kao and K. Klapoetke and Y. Kubota and Z. Lesko and J. Mans and S. Nourbakhsh and N. Ruckstuhl and R. Rusack and N. Tambe and J. Turkewitz and J.G. Acosta and S. Oliveros and E. Avdeeva and K. Bloom and S. Bose and D.R. Claes and A. Dominguez and C. Fangmeier and R. Gonzalez Suarez and R. Kamalieddin and J. Keller and D. Knowlton and I. Kravchenko and J. Lazo-Flores and F. Meier and J. Monroy and F. Ratnikov and J.E. Siado and G.R. Snow and M. Alyari and J. Dolen and J. George and A. Godshalk and I. Iashvili and J. Kaisen and A. Kharchilava and A. Kumar and S. Rappoccio and G. Alverson and E. Barberis and D. Baumgartel and M. Chasco and A. Hortiangtham and A. Massironi and D.M. Morse and D. Nash and T. Orimoto and R. Teixeira De Lima and D. Trocino and R.-J. Wang and D. Wood and J. Zhang and K.A. Hahn and A. Kubik and N. Mucia and N. Odell and B. Pollack and A. Pozdnyakov and M. Schmitt and S. Stoynev and K. Sung and M. Trovato and M. Velasco and S. Won and A. Brinkerhoff and N. Dev and M. Hildreth and C. Jessop and D.J. Karmgard and N. Kellams and K. Lannon and S. Lynch and N. Marinelli and F. Meng and C. Mueller and Y. Musienko and T. Pearson and M. Planer and R. Ruchti and G. Smith and N. Valls and M. Wayne and M. Wolf and A. Woodard and L. Antonelli and J. Brinson and B. Bylsma and L.S. Durkin and S. Flowers and A. Hart and C. Hill and R. Hughes and K. Kotov and T.Y. Ling and B. Liu and W. Luo and D. Puigh and M. Rodenburg and B.L. Winer and H.W. Wulsin and O. Driga and P. Elmer and J. Hardenbrook and P. Hebda and S.A. Koay and P. Lujan and D. Marlow and T. Medvedeva and M. Mooney and J. Olsen and C. Palmer and P. Piroué and X. Quan and H. Saka and D. Stickland and C. Tully and J.S. Werner and A. Zuranski and S. Malik and V.E. Barnes and D. Benedetti and D. Bortoletto and L. Gutay and M.K. Jha and M. Jones and K. Jung and M. Kress and N. Leonardo and D.H. Miller and N. Neumeister and F. Primavera and B.C. Radburn-Smith and X. Shi and I. Shipsey and D. Silvers and J. Sun and A. Svyatkovskiy and F. Wang and W. Xie and L. Xu and J. Zablocki and N. Parashar and J. Stupak and A. Adair and B. Akgun and Z. Chen and K.M. Ecklund and F.J.M. Geurts and M. Guilbaud and W. Li and B. Michlin and M. Northup and B.P. Padley and R. Redjimi and J. Roberts and J. Rorie and Z. Tu and J. Zabel and B. Betchart and A. Bodek and P. de Barbaro and R. Demina and Y. Eshaq and T. Ferbel and M. Galanti and A. Garcia-Bellido and P. Goldenzweig and J. Han and A. Harel and O. Hindrichs and A. Khukhunaishvili and G. Petrillo and M. Verzetti and D. Vishnevskiy and L. Demortier and S. Arora and A. Barker and J.P. Chou and C. Contreras-Campana and E. Contreras-Campana and D. Duggan and D. Ferencek and Y. Gershtein and R. Gray and E. Halkiadakis and D. Hidas and E. Hughes and S. Kaplan and R. Kunnawalkam Elayavalli and A. Lath and S. Panwalkar and M. Park and S. Salur and S. Schnetzer and D. Sheffield and S. Somalwar and R. Stone and S. Thomas and P. Thomassen and M. Walker and M. Foerster and G. Riley and K. Rose and S. Spanier and A. York and O. Bouhali and A. Castaneda Hernandez and M. Dalchenko and M. De Mattia and A. Delgado and S. Dildick and R. Eusebi and W. Flanagan and J. Gilmore and T. Kamon and V. Krutelyov and R. Montalvo and R. Mueller and I. Osipenkov and Y. Pakhotin and R. Patel and A. Perloff and J. Roe and A. Rose and A. Safonov and I. Suarez and A. Tatarinov and K.A. Ulmer and N. Akchurin and C. Cowden and J. Damgov and C. Dragoiu and P.R. Dudero and J. Faulkner and S. Kunori and K. Lamichhane and S.W. Lee and T. Libeiro and S. Undleeb and I. Volobouev and E. Appelt and A.G. Delannoy and S. Greene and A. Gurrola and R. Janjam and W. Johns and C. Maguire and Y. Mao and A. Melo and P. Sheldon and B. Snook and S. Tuo and J. Velkovska and Q. Xu and M.W. Arenton and S. Boutle and B. Cox and B. Francis and J. Goodell and R. Hirosky and A. Ledovskoy and H. Li and C. Lin and C. Neu and E. Wolfe and J. Wood and F. Xia and C. Clarke and R. Harr and P.E. Karchin and C. Kottachchi Kankanamge Don and P. Lamichhane and J. Sturdy and D.A. Belknap and D. Carlsmith and M. Cepeda and A. Christian and S. Dasu and L. Dodd and S. Duric and E. Friis and B. Gomber and R. Hall-Wilton and M. Herndon and A. Hervé and P. Klabbers and A. Lanaro and A. Levine and K. Long and R. Loveless and A. Mohapatra and I. Ojalvo and T. Perry and G.A. Pierro and G. Polese and I. Ross and T. Ruggles and T. Sarangi and A. Savin and N. Smith and W.H. Smith and D. Taylor and N. Woods",
keywords = "CMS",
keywords = "Physics",
keywords = "Higgs",
keywords = "MSSM",
keywords = "Dimuons "
}

@Article{Hbb_ref_CMS,
author="Khachatryan, V.
and Sirunyan, A. M.
and Tumasyan, A.
and Adam, W.
and Asilar, E.
and Bergauer, T.
and Brandstetter, J.
and Brondolin, E.
and Dragicevic, M.
and Er{\"o}, J.
and Flechl, M.
and Friedl, M.
and Fr{\"u}hwirth, R.
and Ghete, V. M.
and Hartl, C.
and H{\"o}rmann, N.
and Hrubec, J.
and Jeitler, M.
and Kn{\"u}nz, V.
and K{\"o}nig, A.
and Krammer, M.
and Kr{\"a}tschmer, I.
and Liko, D.
and Matsushita, T.
and Mikulec, I.
and Rabady, D.
and Rahbaran, B.
and Rohringer, H.
and Schieck, J.
and Sch{\"o}fbeck, R.
and Strauss, J.
and Treberer-Treberspurg, W.
and Waltenberger, W.
and Wulz, C.-E.
and Mossolov, V.
and Shumeiko, N.
and Suarez Gonzalez, J.
and Alderweireldt, S.
and Cornelis, T.
and De Wolf, E. A.
and Janssen, X.
and Knutsson, A.
and Lauwers, J.
and Luyckx, S.
and Ochesanu, S.
and Rougny, R.
and Van De Klundert, M.
and Van Haevermaet, H.
and Van Mechelen, P.
and Van Remortel, N.
and Van Spilbeeck, A.
and Abu Zeid, S.
and Blekman, F.
and D'Hondt, J.
and Daci, N.
and De Bruyn, I.
and Deroover, K.
and Heracleous, N.
and Keaveney, J.
and Lowette, S.
and Moreels, L.
and Olbrechts, A.
and Python, Q.
and Strom, D.
and Tavernier, S.
and Van Doninck, W.
and Van Mulders, P.
and Van Onsem, G. P.
and Van Parijs, I.
and Barria, P.
and Caillol, C.
and Clerbaux, B.
and De Lentdecker, G.
and Delannoy, H.
and Dobur, D.
and Fasanella, G.
and Favart, L.
and Gay, A. P. R.
and Grebenyuk, A.
and Lenzi, T.
and L{\'e}onard, A.
and Maerschalk, T.
and Marinov, A.
and Perni{\`e}, L.
and Randle-conde, A.
and Reis, T.
and Seva, T.
and Vander Velde, C.
and Vanlaer, P.
and Yonamine, R.
and Zenoni, F.
and Zhang, F.
and Beernaert, K.
and Benucci, L.
and Cimmino, A.
and Crucy, S.
and Fagot, A.
and Garcia, G.
and Gul, M.
and Mccartin, J.
and Ocampo Rios, A. A.
and Poyraz, D.
and Ryckbosch, D.
and Salva, S.
and Sigamani, M.
and Strobbe, N.
and Tytgat, M.
and Van Driessche, W.
and Yazgan, E.
and Zaganidis, N.
and Basegmez, S.
and Beluffi, C.
and Bondu, O.
and Brochet, S.
and Bruno, G.
and Castello, R.
and Caudron, A.
and Ceard, L.
and Da Silveira, G. G.
and Delaere, C.
and Favart, D.
and Forthomme, L.
and Giammanco, A.
and Hollar, J.
and Jafari, A.
and Jez, P.
and Komm, M.
and Lemaitre, V.
and Mertens, A.
and Nuttens, C.
and Perrini, L.
and Pin, A.
and Piotrzkowski, K.
and Popov, A.
and Quertenmont, L.
and Selvaggi, M.
and Vidal Marono, M.
and Beliy, N.
and Hammad, G. H.
and Ald{\'a} J{\'u}nior, W. L.
and Alves, G. A.
and Brito, L.
and Correa Martins Junior, M.
and Dos Reis Martins, T.
and Hensel, C.
and Mora Herrera, C.
and Moraes, A.
and Pol, M. E.
and Rebello Teles, P.
and Belchior Batista Das Chagas, E.
and Carvalho, W.
and Chinellato, J.
and Cust{\'o}dio, A.
and Da Costa, E. M.
and De Jesus Damiao, D.
and De Oliveira Martins, C.
and Fonseca De Souza, S.
and Huertas Guativa, L. M.
and Malbouisson, H.
and Matos Figueiredo, D.
and Mundim, L.
and Nogima, H.
and Prado Da Silva, W. L.
and Santoro, A.
and Sznajder, A.
and Tonelli Manganote, E. J.
and Vilela Pereira, A.
and Ahuja, S.
and Bernardes, C. A.
and De Souza Santos, A.
and Dogra, S.
and Fernandez Perez Tomei, T. R.
and Gregores, E. M.
and Mercadante, P. G.
and Moon, C. S.
and Novaes, S. F.
and Padula, Sandra S.
and Romero Abad, D.
and Ruiz Vargas, J. C.
and Aleksandrov, A.
and Genchev, V.
and Hadjiiska, R.
and Iaydjiev, P.
and Piperov, S.
and Rodozov, M.
and Stoykova, S.
and Sultanov, G.
and Vutova, M.
and Dimitrov, A.
and Glushkov, I.
and Litov, L.
and Pavlov, B.
and Petkov, P.
and Ahmad, M.
and Bian, J. G.
and Chen, G. M.
and Chen, H. S.
and Chen, M.
and Cheng, T.
and Du, R.
and Jiang, C. H.
and Plestina, R.
and Romeo, F.
and Shaheen, S. M.
and Tao, J.
and Wang, C.
and Wang, Z.
and Zhang, H.
and Asawatangtrakuldee, C.
and Ban, Y.
and Li, Q.
and Liu, S.
and Mao, Y.
and Qian, S. J.
and Wang, D.
and Xu, Z.
and Zou, W.
and Avila, C.
and Cabrera, A.
and Chaparro Sierra, L. F.
and Florez, C.
and Gomez, J. P.
and Gomez Moreno, B.
and Sanabria, J. C.
and Godinovic, N.
and Lelas, D.
and Polic, D.
and Puljak, I.
and Antunovic, Z.
and Kovac, M.
and Brigljevic, V.
and Kadija, K.
and Luetic, J.
and Sudic, L.
and Attikis, A.
and Mavromanolakis, G.
and Mousa, J.
and Nicolaou, C.
and Ptochos, F.
and Razis, P. A.
and Rykaczewski, H.
and Bodlak, M.
and Finger, M.
and Aly, R.
and El-khateeb, E.
and Elkafrawy, T.
and Lotfy, A.
and Mohamed, A.
and Radi, A.
and Salama, E.
and Sayed, A.
and Calpas, B.
and Kadastik, M.
and Murumaa, M.
and Raidal, M.
and Tiko, A.
and Veelken, C.
and Eerola, P.
and Pekkanen, J.
and Voutilainen, M.
and H{\"a}rk{\"o}nen, J.
and Karim{\"a}ki, V.
and Kinnunen, R.
and Lamp{\'e}n, T.
and Lassila-Perini, K.
and Lehti, S.
and Lind{\'e}n, T.
and Luukka, P.
and M{\"a}enp{\"a}{\"a}, T.
and Peltola, T.
and Tuominen, E.
and Tuominiemi, J.
and Tuovinen, E.
and Wendland, L.
and Talvitie, J.
and Tuuva, T.
and Besancon, M.
and Couderc, F.
and Dejardin, M.
and Denegri, D.
and Fabbro, B.
and Faure, J. L.
and Favaro, C.
and Ferri, F.
and Ganjour, S.
and Givernaud, A.
and Gras, P.
and Hamel de Monchenault, G.
and Jarry, P.
and Locci, E.
and Machet, M.
and Malcles, J.
and Rander, J.
and Rosowsky, A.
and Titov, M.
and Zghiche, A.
and Baffioni, S.
and Beaudette, F.
and Busson, P.
and {etal}",
title="Search for neutral MSSM Higgs bosons decaying into a pair of bottom quarks",
journal="Journal of High Energy Physics",
year="2015",
volume="2015",
number="11",
pages="1--43",
abstract="A search for neutral Higgs bosons decaying into a                                                                                                                     b                                              b                        {\textasciimacron}                                                                              {\$}{\$} {\backslash}mathrm{\{}b{\}}{\backslash}overline{\{}{\backslash}mathrm{\{}b{\}}{\}} {\$}{\$}                 quark pair and produced in association with at least one additional b quark is presented. This signature is sensitive to the Higgs sector of the minimal supersymmetric standard model (MSSM) with large values of the parameter tan $\beta$. The analysis is based on data from proton-proton collisions at a center-of-mass energy of 8 TeV collected with the CMS detector at the LHC, corresponding to an integrated luminosity of 19.7 fb−1. The results are combined with a previous analysis based on 7 TeV data. No signal is observed. Stringent upper limits on the cross section times branching fraction are derived for Higgs bosons with masses up to 900 GeV, and the results are interpreted within different MSSM benchmark scenarios, m                                                  h                  max                , m                                                  h                  mod{\thinspace}+                , m                                                  h                  mod{\thinspace}−                , light-stau and light-stop. Observed 95{\%} confidence level upper limits on tan $\beta$, ranging from 14 to 50, are obtained in the m                                                  h                  mod{\thinspace}+                 benchmark scenario.                                                                                                    ",
issn="1029-8479",
doi="10.1007/JHEP11(2015)071",
url="http://dx.doi.org/10.1007/JHEP11(2015)071"
}

@techreport{ATLAS-CONF-2015-061,
      title         = "{Search for Neutral Minimal Supersymmetric Standard Model
                       Higgs Bosons $H/A \to \tau \tau$ produced in $pp$
                       collisions at $\sqrt{s}=13$ TeV with the ATLAS Detector}",
      institution   = "CERN",
      address       = "Geneva",
      number        = "ATLAS-CONF-2015-061",
      month         = "Dec",
      year          = "2015",
      reportNumber  = "ATLAS-CONF-2015-061",
      url           = "http://cds.cern.ch/record/2114827",
}

@article{HH_ATLAS_8TeV,
  title = {Searches for Higgs boson pair production in the $hh\ensuremath{\rightarrow}bb\ensuremath{\tau}\ensuremath{\tau}$, $\ensuremath{\gamma}\ensuremath{\gamma}W{W}^{*}$, $\ensuremath{\gamma}\ensuremath{\gamma}bb$, $bbbb$ channels with the ATLAS detector},
  author = {ATLAS Collaboration},
  collaboration = {ATLAS Collaboration},
  journal = {Phys. Rev. D},
  volume = {92},
  issue = {9},
  pages = {092004},
  numpages = {30},
  year = {2015},
  month = {Nov},
  publisher = {American Physical Society},
  doi = {10.1103/PhysRevD.92.092004},
  url = {http://link.aps.org/doi/10.1103/PhysRevD.92.092004}
}

@article{HH_CMS_8TeV,
  title = {Higgs PAG Summary Plots},
  collaboration = {CMS Collaboration},
  journal = {https://twiki.cern.ch/twiki/bin/view/CMSPublic/SummaryResultsHIG},
  url = {https://twiki.cern.ch/twiki/bin/view/CMSPublic/SummaryResultsHIG}
}

@techreport{HH_bbtautau_CMS,
      title         = "{Search for resonant Higgs boson pair production in the
                       $\mathrm{b\overline{b}}\tau^+\tau^-$ final state}",
      institution   = "CERN",
      collaboration = "CMS Collaboration",
      address       = "Geneva",
      number        = "CMS-PAS-HIG-16-013",
      year          = "2016",
      reportNumber  = "CMS-PAS-HIG-16-013",
      url           = "http://cds.cern.ch/record/2139315",
}

@techreport{HH_bbWW_CMS,
      title         = "{Search for resonant Higgs boson pair production in the
                       $\mathrm{b}\overline{\mathrm{b}} \mathrm{l}\nu
                       \mathrm{l}\nu$ final state at $\sqrt{s} =
                       13~\mathrm{TeV}$}",
      institution   = "CERN",
      collaboration = "CMS Collaboration",
      address       = "Geneva",
      number        = "CMS-PAS-HIG-16-011",
      year          = "2016",
      reportNumber  = "CMS-PAS-HIG-16-011",
      url           = "http://cds.cern.ch/record/2141743",
}

@article{HH_bbbb_ATLAS,
      author         = "Aaboud, Morad and others",
      title          = "{Search for pair production of Higgs bosons in the
                        $b\bar{b}b\bar{b}$ final state using proton--proton
                        collisions at $\sqrt{s} = 13$ TeV with the ATLAS
                        detector}",
      collaboration  = "ATLAS",
      year           = "2016",
      eprint         = "1606.04782",
      archivePrefix  = "arXiv",
      primaryClass   = "hep-ex",
      reportNumber   = "CERN-EP-2016-142",
      SLACcitation   = "%%CITATION = ARXIV:1606.04782;%%"
}

@techreport{HH_bbbb_CMS,
      title         = "{Search for resonant pair production of Higgs bosons
                       decaying to two bottom quark-antiquark pairs in
                       proton-proton collisions at 13 TeV}",
      institution   = "CERN",
      collaboration = "CMS Collaboration",
      address       = "Geneva",
      number        = "CMS-PAS-HIG-16-002",
      year          = "2016",
      reportNumber  = "CMS-PAS-HIG-16-002",
      url           = "http://cds.cern.ch/record/2141024",
}


@techreport{HH_bbbb_ATLAS,
      title         = "{Search for Higgs boson pair production in the
                       $b\bar{b}\gamma\gamma$ final state using pp collision data
                       at $\sqrt{s}=13$ TeV with the ATLAS detector}",
      institution   = "CERN",
      address       = "Geneva",
      number        = "ATLAS-CONF-2016-004",
      month         = "Mar",
      year          = "2016",
      reportNumber  = "ATLAS-CONF-2016-004",
      url           = "http://cds.cern.ch/record/2138949",
}

@article{chargedH_tb_ATLAS,
      author         = "Aaboud, Morad and others",
      title          = "{Search for charged Higgs bosons produced in association
                        with a top quark and decaying via $H^{\pm} \rightarrow
                        \tau\nu$ using $pp$ collision data recorded at $\sqrt{s} =
                        13$ TeV by the ATLAS detector}",
      collaboration  = "ATLAS",
      journal        = "Phys. Lett.",
      volume         = "B759",
      year           = "2016",
      pages          = "555-574",
      doi            = "10.1016/j.physletb.2016.06.017",
      eprint         = "1603.09203",
      archivePrefix  = "arXiv",
      primaryClass   = "hep-ex",
      reportNumber   = "CERN-EP-2016-056",
      SLACcitation   = "%%CITATION = ARXIV:1603.09203;%%"
}

@Article{chargedH_tb_CMS,
author="Khachatryan, V. and {etal}",
title="Search for a charged Higgs boson in pp collisions at                                                                                                                               s                                        =                    8                                                  {\$}{\$} {\backslash}sqrt{\{}s{\}}=8 {\$}{\$}               TeV",
journal="Journal of High Energy Physics",
year="2015",
volume="2015",
number="11",
pages="1--64",
abstract="A search for a charged Higgs boson is performed with a data sample corresponding to an integrated luminosity of 19.7 {\textpm} 0.5 fb−1 collected with the CMS detector in proton-proton collisions at                                                                                                                                             s                                            =                      8                                                        {\$}{\$} {\backslash}sqrt{\{}s{\}}=8 {\$}{\$}                ,TeV. The charged Higgs boson is searched for in top quark decays for m                                H{\textpm} < m                                t − m                                b, and in the direct production pp {\textrightarrow} t(b)H{\textpm} for m                                H{\textpm} > m                                t − m                                b. The H{\textpm} {\textrightarrow} $\tau$                                {\textpm}                                $\nu$                                                  $\tau$                 and H{\textpm} {\textrightarrow} tb decay modes in the final states $\tau$                                h+jets, $\mu$$\tau$                                h, ℓ+jets, and ℓℓ' (ℓ =e, $\mu$) are considered in the search. No signal is observed and 95{\%} confidence level upper limits are set on the charged Higgs boson production. A model-independent upper limit on the product branching fraction                                                                                                                     ℬ                                                                        t                          {\textrightarrow}                                                      H                            {\textpm}                                                    b                                                                    ℬ                                                                                                    H                            {\textpm}                                                    {\textrightarrow}                                                      $\tau$                            {\textpm}                                                                                $\nu$                            $\tau$                                                                                              =                      1.2                      −                      0.15                      {\%}                                                        {\$}{\$} {\backslash}mathrm{\{}{\backslash}mathcal{\{}B{\}}{\}}{\backslash}left({\backslash}mathrm{\{}t{\}}{\backslash}to {\{}{\backslash}mathrm{\{}H{\}}{\}}^{\{}{\backslash}pm{\}}{\backslash}mathrm{\{}b{\}}{\backslash}right){\backslash}mathrm{\{}{\backslash}mathcal{\{}B{\}}{\}}{\backslash}left({\{}{\backslash}mathrm{\{}H{\}}{\}}^{\{}{\backslash}pm{\}}{\backslash}to {\{}{\backslash}tau{\}}^{\{}{\backslash}pm {\}}{\{}{\backslash}nu{\}}{\_}{\{}{\backslash}tau{\}}{\backslash}right)=1.2-0.15{\backslash}{\%} {\$}{\$}                 is obtained in the mass range m                                H{\textpm} = 80--160 GeV, while the upper limit on the cross section times branching fraction                                                                                                                     $\sigma$                                                                        pp                          {\textrightarrow}                          t                                                      b                                                                                H                            {\textpm}                                                                                              ℬ                                                                                                    H                            {\textpm}                                                    {\textrightarrow}                                                                                $\tau$                            {\textpm}                                                                                $\nu$                            $\tau$                                                                                              =                      0.38                      −                      0.025                                                        {\$}{\$} {\backslash}sigma {\backslash}left({\backslash}mathrm{\{}pp{\}}{\backslash}to {\backslash}mathrm{\{}t{\}}{\backslash}left({\backslash}mathrm{\{}b{\}}{\backslash}right){\{}{\backslash}mathrm{\{}H{\}}{\}}^{\{}{\backslash}pm{\}}{\backslash}right){\backslash}mathrm{\{}{\backslash}mathcal{\{}B{\}}{\}}{\backslash}left({\{}{\backslash}mathrm{\{}H{\}}{\}}^{\{}{\backslash}pm{\}}{\backslash}to{\backslash} {\{}{\backslash}tau{\}}^{\{}{\backslash}pm {\}}{\{}{\backslash}nu{\}}{\_}{\{}{\backslash}tau{\}}{\backslash}right)=0.38-0.025 {\$}{\$}                 pb is set in the mass range m                                H+ = 180--600 GeV. Here, $\sigma$(pp {\textrightarrow} t(b)H{\textpm}) stands for the cross section sum                                                                                                                     $\sigma$                                                                        pp                          {\textrightarrow}                                                      t                            {\textasciimacron}                                                                                b                                                                                H                            +                                                                                              +                      $\sigma$                                                                        pp                          {\textrightarrow}                          t                                                                                    b                              {\textasciimacron}                                                                                                            H                            −                                                                                                                                {\$}{\$} {\backslash}sigma {\backslash}left({\backslash}mathrm{\{}pp{\}}{\backslash}to {\backslash}overline{\{}{\backslash}mathrm{\{}t{\}}{\}}{\backslash}left({\backslash}mathrm{\{}b{\}}{\backslash}right){\{}{\backslash}mathrm{\{}H{\}}{\}}^{\{}+{\}}{\backslash}right)+{\backslash}sigma {\backslash}left({\backslash}mathrm{\{}pp{\}}{\backslash}to {\backslash}mathrm{\{}t{\}}{\backslash}left({\backslash}overline{\{}{\backslash}mathrm{\{}b{\}}{\}}{\backslash}right){\{}{\backslash}mathrm{\{}H{\}}{\}}^{\{}-{\}}{\backslash}right) {\$}{\$}                . Assuming                                                                                                                     ℬ                                                                                                    H                            {\textpm}                                                    {\textrightarrow}                          t                          b                                                                    =                      1                                                        {\$}{\$} {\backslash}mathrm{\{}{\backslash}mathcal{\{}B{\}}{\}}{\backslash}left({\{}{\backslash}mathrm{\{}H{\}}{\}}^{\{}{\backslash}pm{\}}{\backslash}to {\backslash}mathrm{\{}t{\}}{\backslash}mathrm{\{}b{\}}{\backslash}right)=1 {\$}{\$}                , an upper limit on $\sigma$(pp {\textrightarrow} t(b)H{\textpm}) of 2.0--0.13 pb is set for m                                H{\textpm} = 180--600 GeV. The combination of all considered decay modes and final states is used to set exclusion limits in the m                                H{\textpm}−tan $\beta$ parameter space in different MSSM benchmark scenarios.                                                                                                    ",
issn="1029-8479",
doi="10.1007/JHEP11(2015)018",
url="http://dx.doi.org/10.1007/JHEP11(2015)018"
}

@article{chargedH_tuanu_ATLAS,
      author         = "Aaboud, Morad and others",
      title          = "{Search for charged Higgs bosons produced in association
                        with a top quark and decaying via $H^{\pm} \rightarrow
                        \tau\nu$ using $pp$ collision data recorded at $\sqrt{s} =
                        13$ TeV by the ATLAS detector}",
      collaboration  = "ATLAS",
      journal        = "Phys. Lett.",
      volume         = "B759",
      year           = "2016",
      pages          = "555-574",
      doi            = "10.1016/j.physletb.2016.06.017",
      eprint         = "1603.09203",
      archivePrefix  = "arXiv",
      primaryClass   = "hep-ex",
      reportNumber   = "CERN-EP-2016-056",
      SLACcitation   = "%%CITATION = ARXIV:1603.09203;%%"
}

@techreport{diChargedH,
      title         = "{Search for a doubly-charged Higgs boson with
                       $\sqrt{s}=8~\mathrm{TeV}$ $pp$ collisions at the CMS
                       experiment}",
      institution   = "CERN",
      collaboration = "CMS Collaboration",
      address       = "Geneva",
      number        = "CMS-PAS-HIG-14-039",
      year          = "2016",
      reportNumber  = "CMS-PAS-HIG-14-039",
      url           = "https://cds.cern.ch/record/2127498",
}

@article{aa3photon,
      author         = "Aad, Georges and others",
      title          = "{Search for new phenomena in events with at least three
                        photons collected in $pp$ collisions at $\sqrt{s}$ = 8 TeV
                        with the ATLAS detector}",
      collaboration  = "ATLAS",
      journal        = "Eur. Phys. J.",
      volume         = "C76",
      year           = "2016",
      number         = "4",
      pages          = "210",
      doi            = "10.1140/epjc/s10052-016-4034-8",
      eprint         = "1509.05051",
      archivePrefix  = "arXiv",
      primaryClass   = "hep-ex",
      reportNumber   = "CERN-PH-EP-2015-187",
      SLACcitation   = "%%CITATION = ARXIV:1509.05051;%%"
}
