@article{Aad:2008zzm,
author         = "Aad, G. and others",
title          = "{The ATLAS Experiment at the CERN Large Hadron Collider}",
collaboration  = "ATLAS",
journal        = "JINST",
volume         = "3",
year           = "2008",
pages          = "S08003",
doi            = "10.1088/1748-0221/3/08/S08003",
SLACcitation   = "%%CITATION = JINST,3,S08003;%%"
}

@article{Chatrchyan:2008aa,
author         = "Chatrchyan, S. and others",
title          = "{The CMS experiment at the CERN LHC}",
collaboration  = "CMS",
journal        = "JINST",
volume         = "3",
year           = "2008",
pages          = "S08004",
doi            = "10.1088/1748-0221/3/08/S08004",
SLACcitation   = "%%CITATION = JINST,3,S08004;%%"
}

@article{Aad:2014vgg,
      author         = "Aad, Georges and others",
      title          = "{Search for neutral Higgs bosons of the minimal
                        supersymmetric standard model in pp collisions at
                        $\sqrt{s}$ = 8 TeV with the ATLAS detector}",
      collaboration  = "ATLAS",
      journal        = "JHEP",
      volume         = "11",
      year           = "2014",
      pages          = "056",
      doi            = "10.1007/JHEP11(2014)056",
      eprint         = "1409.6064",
      archivePrefix  = "arXiv",
      primaryClass   = "hep-ex",
      reportNumber   = "CERN-PH-EP-2014-210",
      SLACcitation   = "%%CITATION = ARXIV:1409.6064;%%"
}

@article{Aad:2012cfr,
      author         = "Aad, Georges and others",
      title          = "{Search for the neutral Higgs bosons of the Minimal
                        Supersymmetric Standard Model in $pp$ collisions at
                        $\sqrt{s}=7$ TeV with the ATLAS detector}",
      collaboration  = "ATLAS",
      journal        = "JHEP",
      volume         = "02",
      year           = "2013",
      pages          = "095",
      doi            = "10.1007/JHEP02(2013)095",
      eprint         = "1211.6956",
      archivePrefix  = "arXiv",
      primaryClass   = "hep-ex",
      reportNumber   = "CERN-PH-EP-2012-323",
      SLACcitation   = "%%CITATION = ARXIV:1211.6956;%%"
}

@article{Aad:2011rv,
      author         = "Aad, Georges and others",
      title          = "{Search for neutral MSSM Higgs bosons decaying to
                        $\tau^{+}\tau^-$ pairs in proton-proton collisions at
                        $\sqrt{s}=$ 7 TeV with the ATLAS detector}",
      collaboration  = "ATLAS",
      journal        = "Phys. Lett.",
      volume         = "B705",
      year           = "2011",
      pages          = "174-192",
      doi            = "10.1016/j.physletb.2011.10.001",
      eprint         = "1107.5003",
      archivePrefix  = "arXiv",
      primaryClass   = "hep-ex",
      reportNumber   = "CERN-PH-EP-2011-104",
      SLACcitation   = "%%CITATION = ARXIV:1107.5003;%%"
}

@article{CMS:2016pkt,
      author         = "CMS Collaboration",
      title          = "{Search for a neutral MSSM Higgs boson decaying into
                        $\tau \tau$ at 13 TeV}",
      collaboration  = "CMS",
      year           = "2016",
      reportNumber   = "CMS-PAS-HIG-16-006",
      SLACcitation   = "%%CITATION = CMS-PAS-HIG-16-006;%%"
}

@article{Khachatryan:2015dfa,
      author         = "Khachatryan, Vardan and others",
      title          = "{Reconstruction and identification of τ lepton decays to
                        hadrons and ν$_τ$ at CMS}",
      collaboration  = "CMS",
      journal        = "JINST",
      volume         = "11",
      year           = "2016",
      number         = "01",
      pages          = "P01019",
      doi            = "10.1088/1748-0221/11/01/P01019",
      eprint         = "1510.07488",
      archivePrefix  = "arXiv",
      primaryClass   = "physics.ins-det",
      reportNumber   = "CMS-TAU-14-001, CERN-PH-EP-2015-261",
      SLACcitation   = "%%CITATION = ARXIV:1510.07488;%%"
}

@article{Cacciari:2008gp,
     author    = "Cacciari, Matteo and Salam, Gavin P. and Soyez, Gregory",
     title     = "{The anti-kt jet clustering algorithm}",
     journal   = "JHEP",
     volume    = "04",
     year      = "2008",
     pages     = "063",
     eprint    = "0802.1189",
     archivePrefix = "arXiv",
     primaryClass  =  "hep-ph",
     doi       = "10.1088/1126-6708/2008/04/063",
     SLACcitation  = "%%CITATION = 0802.1189;%%"
}

@article{ATL-PHYS-PUB-2015-045,
      author        = "{ATLAS Collaboration}",
      title         = "{Reconstruction, Energy Calibration, and Identification of
                       Hadronically Decaying Tau Leptons in the ATLAS Experiment
                       for Run-2 of the LHC}",
      institution   = "CERN",
      address       = "Geneva",
      number        = "ATL-PHYS-PUB-2015-045",
      month         = "Nov",
      year          = "2015",
      reportNumber  = "ATL-PHYS-PUB-2015-045",
      journal       = "ATL-PHYS-PUB-2015-045",
      url           = "https://cds.cern.ch/record/2064383",
}

%


@Article{Aad2015,
author="Aad, G.
and {etal}",
title="Constraints on new phenomena via Higgs boson couplings and invisible decays with the ATLAS detector",
journal="Journal of High Energy Physics",
year="2015",
volume="2015",
number="11",
pages="1--52",
abstract="The ATLAS experiment at the LHC has measured the Higgs boson couplings and mass, and searched for invisible Higgs boson decays, using multiple production and decay channels with up to 4.7 fb−1 of pp collision data at                                                                                                                                             s                                            =                      7                                                        {\$}{\$} {\backslash}sqrt{\{}s{\}}=7 {\$}{\$}                 TeV and 20.3 fb−1 at                                                                                                                                             s                                            =                      8                                                        {\$}{\$} {\backslash}sqrt{\{}s{\}}=8 {\$}{\$}                 TeV. In the current study, the measured production and decay rates of the observed Higgs boson in the $\gamma$$\gamma$, ZZ, W W , Z$\gamma$, bb, $\tau$ $\tau$ , and $\mu$$\mu$ decay channels, along with results from the associated production of a Higgs boson with a top-quark pair, are used to probe the scaling of the couplings with mass. Limits are set on parameters in extensions of the Standard Model including a composite Higgs boson, an additional electroweak singlet, and two-Higgs-doublet models. Together with the measured mass of the scalar Higgs boson in the $\gamma$$\gamma$ and ZZ decay modes, a lower limit is set on the pseudoscalar Higgs boson mass of m                                                  A                                         > 370 GeV in the ``hMSSM'' simplified Minimal Supersymmetric Standard Model. Results from direct searches for heavy Higgs bosons are also interpreted in the hMSSM. Direct searches for invisible Higgs boson decays in the vector-boson fusion and associated production of a Higgs boson with W/Z (Z {\textrightarrow} ℓℓ, W/Z {\textrightarrow} jj) modes are statistically combined to set an upper limit on the Higgs boson invisible branching ratio of 0.25. The use of the measured visible decay rates in a more general coupling fit improves the upper limit to 0.23, constraining a Higgs portal model of dark matter.                                                                                                    ",
issn="1029-8479",
doi="10.1007/JHEP11(2015)206",
url="http://dx.doi.org/10.1007/JHEP11(2015)206"
}


@techreport{CMS-PAS-HIG-16-007,
      title         = "{Summary results of high mass BSM Higgs searches using CMS
                       run-I data}",
      institution   = "CERN",
      collaboration = "CMS Collaboration",
      address       = "Geneva",
      number        = "CMS-PAS-HIG-16-007",
      year          = "2016",
      reportNumber  = "CMS-PAS-HIG-16-007",
      url           = "http://cds.cern.ch/record/2142432",
}

@article{Hmumu_ref_CMS,
title = "Search for neutral MSSM Higgs bosons decaying to $\mu^+\mu^−$ in pp collisions at ",
journal = "Physics Letters B ",
volume = "752",
number = "",
pages = "221 - 246",
year = "2016",
note = "",
issn = "0370-2693",
doi = "http://dx.doi.org/10.1016/j.physletb.2015.11.042",
url = "http://www.sciencedirect.com/science/article/pii/S0370269315008989",
author = "V. Khachatryan and {etal}",
keywords = "Physics",
keywords = "Higgs",
keywords = "MSSM",
keywords = "Dimuons "
}

@Article{Hbb_ref_CMS,
author="Khachatryan, V.
and {etal}",
title="Search for neutral MSSM Higgs bosons decaying into a pair of bottom quarks",
journal="Journal of High Energy Physics",
year="2015",
volume="2015",
number="11",
pages="1--43",
abstract="A search for neutral Higgs bosons decaying into a                                                                                                                     b                                              b                        {\textasciimacron}                                                                              {\$}{\$} {\backslash}mathrm{\{}b{\}}{\backslash}overline{\{}{\backslash}mathrm{\{}b{\}}{\}} {\$}{\$}                 quark pair and produced in association with at least one additional b quark is presented. This signature is sensitive to the Higgs sector of the minimal supersymmetric standard model (MSSM) with large values of the parameter tan $\beta$. The analysis is based on data from proton-proton collisions at a center-of-mass energy of 8 TeV collected with the CMS detector at the LHC, corresponding to an integrated luminosity of 19.7 fb−1. The results are combined with a previous analysis based on 7 TeV data. No signal is observed. Stringent upper limits on the cross section times branching fraction are derived for Higgs bosons with masses up to 900 GeV, and the results are interpreted within different MSSM benchmark scenarios, m                                                  h                  max                , m                                                  h                  mod{\thinspace}+                , m                                                  h                  mod{\thinspace}−                , light-stau and light-stop. Observed 95{\%} confidence level upper limits on tan $\beta$, ranging from 14 to 50, are obtained in the m                                                  h                  mod{\thinspace}+                 benchmark scenario.                                                                                                    ",
issn="1029-8479",
doi="10.1007/JHEP11(2015)071",
url="http://dx.doi.org/10.1007/JHEP11(2015)071"
}

@techreport{ATLAS-CONF-2015-061,
      title         = "{Search for Neutral Minimal Supersymmetric Standard Model
                       Higgs Bosons $H/A \to \tau \tau$ produced in $pp$
                       collisions at $\sqrt{s}=13$ TeV with the ATLAS Detector}",
      institution   = "CERN",
      address       = "Geneva",
      number        = "ATLAS-CONF-2015-061",
      month         = "Dec",
      year          = "2015",
      reportNumber  = "ATLAS-CONF-2015-061",
      url           = "http://cds.cern.ch/record/2114827",
}

@article{HH_ATLAS_8TeV,
  title = {Searches for Higgs boson pair production in the $hh\ensuremath{\rightarrow}bb\ensuremath{\tau}\ensuremath{\tau}$, $\ensuremath{\gamma}\ensuremath{\gamma}W{W}^{*}$, $\ensuremath{\gamma}\ensuremath{\gamma}bb$, $bbbb$ channels with the ATLAS detector},
  author = {ATLAS Collaboration},
  collaboration = {ATLAS Collaboration},
  journal = {Phys. Rev. D},
  volume = {92},
  issue = {9},
  pages = {092004},
  numpages = {30},
  year = {2015},
  month = {Nov},
  publisher = {American Physical Society},
  doi = {10.1103/PhysRevD.92.092004},
  url = {http://link.aps.org/doi/10.1103/PhysRevD.92.092004}
}

@article{HH_CMS_8TeV,
  title = {Higgs PAG Summary Plots},
  collaboration = {CMS Collaboration},
  journal = {https://twiki.cern.ch/twiki/bin/view/CMSPublic/SummaryResultsHIG},
  url = {https://twiki.cern.ch/twiki/bin/view/CMSPublic/SummaryResultsHIG}
}

@techreport{HH_bbtautau_CMS,
      title         = "{Search for resonant Higgs boson pair production in the
                       $\mathrm{b\overline{b}}\tau^+\tau^-$ final state}",
      institution   = "CERN",
      collaboration = "CMS Collaboration",
      address       = "Geneva",
      number        = "CMS-PAS-HIG-16-013",
      year          = "2016",
      reportNumber  = "CMS-PAS-HIG-16-013",
      url           = "http://cds.cern.ch/record/2139315",
}

@techreport{HH_bbWW_CMS,
      title         = "{Search for resonant Higgs boson pair production in the
                       $\mathrm{b}\overline{\mathrm{b}} \mathrm{l}\nu
                       \mathrm{l}\nu$ final state at $\sqrt{s} =
                       13~\mathrm{TeV}$}",
      institution   = "CERN",
      collaboration = "CMS Collaboration",
      address       = "Geneva",
      number        = "CMS-PAS-HIG-16-011",
      year          = "2016",
      reportNumber  = "CMS-PAS-HIG-16-011",
      url           = "http://cds.cern.ch/record/2141743",
}

@article{HH_bbbb_ATLAS,
      author         = "Aaboud, Morad and others",
      title          = "{Search for pair production of Higgs bosons in the
                        $b\bar{b}b\bar{b}$ final state using proton--proton
                        collisions at $\sqrt{s} = 13$ TeV with the ATLAS
                        detector}",
      collaboration  = "ATLAS",
      year           = "2016",
      eprint         = "1606.04782",
      archivePrefix  = "arXiv",
      primaryClass   = "hep-ex",
      reportNumber   = "CERN-EP-2016-142",
      SLACcitation   = "%%CITATION = ARXIV:1606.04782;%%"
}

@techreport{HH_bbbb_CMS,
      title         = "{Search for resonant pair production of Higgs bosons
                       decaying to two bottom quark-antiquark pairs in
                       proton-proton collisions at 13 TeV}",
      institution   = "CERN",
      collaboration = "CMS Collaboration",
      address       = "Geneva",
      number        = "CMS-PAS-HIG-16-002",
      year          = "2016",
      reportNumber  = "CMS-PAS-HIG-16-002",
      url           = "http://cds.cern.ch/record/2141024",
}


@techreport{HH_bbgg_ATLAS,
      title         = "{Search for Higgs boson pair production in the
                       $b\bar{b}\gamma\gamma$ final state using pp collision data
                       at $\sqrt{s}=13$ TeV with the ATLAS detector}",
      institution   = "CERN",
      address       = "Geneva",
      number        = "ATLAS-CONF-2016-004",
      month         = "Mar",
      year          = "2016",
      reportNumber  = "ATLAS-CONF-2016-004",
      url           = "http://cds.cern.ch/record/2138949",
}

@article{chargedH_tb_ATLAS,
      author         = "Aaboud, Morad and others",
      title          = "{Search for charged Higgs bosons produced in association
                        with a top quark and decaying via $H^{\pm} \rightarrow
                        \tau\nu$ using $pp$ collision data recorded at $\sqrt{s} =
                        13$ TeV by the ATLAS detector}",
      collaboration  = "ATLAS",
      journal        = "Phys. Lett.",
      volume         = "B759",
      year           = "2016",
      pages          = "555-574",
      doi            = "10.1016/j.physletb.2016.06.017",
      eprint         = "1603.09203",
      archivePrefix  = "arXiv",
      primaryClass   = "hep-ex",
      reportNumber   = "CERN-EP-2016-056",
      SLACcitation   = "%%CITATION = ARXIV:1603.09203;%%"
}

@Article{chargedH_tb_CMS,
author="Khachatryan, V. and {etal}",
title="Search for a charged Higgs boson in pp collisions at $\sqrt{s}=8 \,TeV$",
journal="Journal of High Energy Physics",
year="2015",
volume="2015",
number="11",
pages="1--64",
issn="1029-8479",
doi="10.1007/JHEP11(2015)018",
url="http://dx.doi.org/10.1007/JHEP11(2015)018"
}

@article{chargedH_tuanu_ATLAS,
      author         = "Aaboud, Morad and others",
      title          = "{Search for charged Higgs bosons produced in association
                        with a top quark and decaying via $H^{\pm} \rightarrow
                        \tau\nu$ using $pp$ collision data recorded at $\sqrt{s} =
                        13$ TeV by the ATLAS detector}",
      collaboration  = "ATLAS",
      journal        = "Phys. Lett.",
      volume         = "B759",
      year           = "2016",
      pages          = "555-574",
      doi            = "10.1016/j.physletb.2016.06.017",
      eprint         = "1603.09203",
      archivePrefix  = "arXiv",
      primaryClass   = "hep-ex",
      reportNumber   = "CERN-EP-2016-056",
      SLACcitation   = "%%CITATION = ARXIV:1603.09203;%%"
}

@techreport{diChargedH,
      title         = "{Search for a doubly-charged Higgs boson with
                       $\sqrt{s}=8~\mathrm{TeV}$ $pp$ collisions at the CMS
                       experiment}",
      institution   = "CERN",
      collaboration = "CMS Collaboration",
      address       = "Geneva",
      number        = "CMS-PAS-HIG-14-039",
      year          = "2016",
      reportNumber  = "CMS-PAS-HIG-14-039",
      url           = "https://cds.cern.ch/record/2127498",
}

@article{aa3photon,
      author         = "Aad, Georges and others",
      title          = "{Search for new phenomena in events with at least three
                        photons collected in $pp$ collisions at $\sqrt{s}$ = 8 TeV
                        with the ATLAS detector}",
      collaboration  = "ATLAS",
      journal        = "Eur. Phys. J.",
      volume         = "C76",
      year           = "2016",
      number         = "4",
      pages          = "210",
      doi            = "10.1140/epjc/s10052-016-4034-8",
      eprint         = "1509.05051",
      archivePrefix  = "arXiv",
      primaryClass   = "hep-ex",
      reportNumber   = "CERN-PH-EP-2015-187",
      SLACcitation   = "%%CITATION = ARXIV:1509.05051;%%"
}
